
@inproceedings{qian_very_2016,
	title = {Very deep convolutional neural networks for robust speech recognition},
	booktitle = {Spoken {Language} {Technology} {Workshop} ({SLT}), 2016 {IEEE}},
	publisher = {IEEE},
	author = {Qian, Yanmin and Woodland, Philip C.},
	year = {2016},
	pages = {481--488}
}